1992 3209
217 199 268 238 56
894 214 946 241 JoS.
966 215 1036 240 Arm.
1056 214 1181 247 Knapp:

800 294 1114 331 Primulaoeae
1148 295 1181 329 V
1190 307 1209 329 e
1220 299 1279 329 nt.

354 378 569 414 Anda-osaea
594 378 765 424 elonyaaea
783 377 824 411 L.
853 377 893 411 In
920 376 1081 421 pascuis,
1111 375 1212 422 agris
1240 380 1280 410 et
1307 375 1482 411 silvarum
1510 376 1740 422 marginibus
1765 377 1866 411 haud

215 451 315 475 rara.
341 440 398 473 Ad
417 430 588 483 Uzbegh,
613 436 789 478 Nitriam,
815 436 980 479 Tomos,
1009 434 1125 469 Zsere
1150 436 1188 469 in
1214 447 1261 470 m.
1289 422 1446 480 Zffirica,
1476 433 1665 482 Pograny‚
1695 437 1733 469 P.
1750 437 1868 481 Eger,

214 501 263 535 K.
288 496 426 544 Lapas,
454 498 496 531 L.
524 496 724 542 Gyarmat,
752 493 999 538 Mai-tonsam,
1026 495 1076 528 K.
1103 498 1143 528 et
1169 494 1212 529 G.
1242 493 1423 540 Czeteny,
1451 493 1561 528 Csehi
1588 498 1627 528 eb
1653 495 1812 529 Emoke.

357 557 405 593 A.
432 558 598 591 maaeima
624 555 666 588 L.
692 554 799 587 Inter
825 557 976 598 segetes
1003 564 1104 586 rara.
1131 555 1190 587 Ad
1218 554 1392 597 Nitriam⁷
1423 552 1529 587 Csehi
1558 556 1597 586 et
1623 553 1666 586 G.
1687 551 1866 598 Czeteny.

355 615 534 650 Primula
558 614 728 659 vulyaris
754 613 891 646 Huds.
931 624 968 645 α.
995 613 1143 647 acaulz's
1168 613 1310 647 Neilr.
1352 614 1393 647 In
1427 613 1530 646 silvis
1557 611 1758 646 montanis.
1810 613 1865 645 Ad

213 676 429 721 I,opaSSOW‚
457 673 596 715 Miava,
624 670 794 705 Verbooz
821 674 860 706 eb
885 670 972 704 inde
998 682 1115 716 usque
1141 683 1186 705 m.
1214 672 1395 707 Javorina
1421 671 1644 715 (Kriisch
1671 670 1727 705 Fl.
1755 672 1831 712 87).

356 733 403 768 Ρ.
429 733 561 766 elatior
586 732 712 775 Jaoq.
740 730 781 763 In
807 729 910 764 silvis
936 730 1125 764 montanis
1152 742 1250 765 rara.
1277 734 1310 765 A
1328 731 1589 775 Biebersburg
1615 740 1733 774 usque
1760 728 1868 774 Vag-

214 792 354 837 thely
380 792 436 834 (K
448 785 598 824 riisch
625 790 677 823 Fl.
705 790 781 831 87).
809 790 855 822 ad
872 787 1108 834 Temetveny
1135 789 1277 832 (Kell.
1304 789 1420 823 Beitr.
1447 790 1546 833 285),
1570 789 1730 822 Nitriam
1759 788 1796 822 in
1823 799 1868 821 m.

215 852 338 885 Zobor
365 853 405 884 et
431 848 683 894 vag-Issjhely
711 849 765 891 (K
778 849 852 881 ell.
878 849 919 881 B.
947 848 990 881 ΙΙ.
1017 849 1093 891 51).

356 909 401 943 P.
427 909 629 956 officinalis
656 908 783 952 Seop.
811 907 853 941 ln
880 906 1058 952 collibus,
1101 907 1220 941 vineis
1253 910 1293 940 et
1320 906 1455 951 apricis
1483 905 1585 940 silvis
1610 907 1691 940 fere
1716 905 1868 950 ubique.

357 967 600 1015 Lysimachia
624 967 794 1013 vulgaris
818 966 860 1000 L.
887 967 946 1000 Ad
973 966 1073 1000 rivos
1100 970 1140 1000 et
1166 966 1204 1001 in
1229 966 1391 1001 humidis
1418 965 1605 1000 fruticetis
1632 965 1818 1009 frequens,

355 1028 400 1062 L.
422 1032 606 1073 punctam
631 1026 673 1059 L.
712 1026 756 1059 In
781 1024 940 1060 humidis
968 1024 1082 1060 silvis.
1108 1028 1142 1058 A
1167 1026 1427 1071 Biebersburg
1458 1036 1577 1070 usque
1602 1021 1867 1069 Vag-Ujhely,

215 1090 264 1122 ad
292 1087 392 1123 Unin
417 1089 458 1119 et
483 1084 694 1118 Radossocz
722 1084 940 1127 (Kriisoh
966 1085 1020 1118 Fl.
1048 1086 1122 1128 86).
1904 1078 1917 1087 “

357 1146 402 1180 L.
429 1144 705 1178 Nummnlaria
729 1143 772 1176 L.
800 1144 841 1177 In
868 1144 988 1188 fossis⁷
1016 1144 1231 1178 nemoribus
1259 1147 1298 1177 et,
1323 1142 1483 1178 humidis
1508 1143 1597 1177 locis
1624 1143 1834 1188 divulgaba.

356 1206 402 1240 L.
428 1215 614 1239 nemorum
631 1203 672 1236 L.
698 1202 739 1235 In
765 1202 926 1236 humidis
952 1203 1136 1237 umbrosis
1163 1203 1264 1238 silvis
1290 1214 1388 1237 rara.
1415 1203 1459 1238 [n
1484 1214 1530 1236 m.
1549 1201 1733 1236 Javorina
1750 1211 1867 1245 prope

216 1271 303 1313 „try
331 1263 549 1309 studanky“
577 1263 693 1305 (Hol.
721 1262 812 1306 Erg.
840 1262 904 1304 64)
931 1265 971 1295 et
998 1264 1045 1296 ad
1071 1260 1323 1309 Viig-Ujhely
1351 1262 1492 1305 (Kell.
1519 1261 1638 1295 Beitr.
1663 1260 1709 1293 II.
1735 1262 1811 1302 51).

364 1324 614 1358 Centumalus
647 1322 822 1355 minimus
856 1321 899 1354 L.
937 1321 979 1355 In
1016 1321 1152 1356 Nitrae
1185 1332 1306 1357 arena
1351 1321 1576 1356 rarissimus.
1619 1319 1678 1353 Ad
1714 1318 1866 1364 Csekej,

214 1383 380 1418 Nitriam
407 1386 448 1417 et.
474 1380 595 1416 Csehi.

358 1440 565 1487 Anayallis
590 1441 755 1475 aroensis
779 1439 822 1473 L.

486 1511 520 1533 oc.
544 1499 745 1544 phoenicea
771 1499 913 1534 Neilr.
941 1499 1087 1545 Ubique
1114 1498 1152 1534 in
1178 1499 1294 1545 agris,
1324 1499 1436 1533 cultis
1463 1502 1504 1532 et
1529 1496 1660 1532 vineis.

483 1559 520 1604 β.
546 1558 712 1593 coerulea
731 1559 877 1593 Neilr.
906 1558 1093 1593 Similibus
1119 1558 1209 1592 locis
1237 1560 1301 1592 sed
1330 1557 1462 1592 rarior.
1488 1558 1548 1590 Ad
1568 1555 1676 1600 Unin‚
1706 1555 1867 1598 Prin-sd,

621 1618 879 1662 Szakolczam,
908 1618 1065 1652 Vradist
1092 1617 1316 1661 (Kriisch
1342 1619 1397 1652 Fl.
1424 1618 1501 1662 87),
1528 1614 1717 1660 Bajmdez,
1742 1615 1869 1652 Luka,

619 1677 784 1723 Hubina‚
811 1677 1007 1722 Vozokan,
1038 1676 1080 1711 G.
1107 1678 1334 1723 Tapolesan‚
1375 1677 1419 1712 G.
1444 1675 1591 1720 Bodok‚
1619 1672 1795 1728 Nimiam,
1829 1673 1868 1707 P.

625 1737 808 1781 Ondrhof,
835 1737 874 1770 P.
902 1735 982 1770 Bab
1009 1740 1049 1770 et
1073 1736 1291 1770 Moesonok.

358 1797 538 1831 Hottonia
565 1797 753 1842 palustris
789 1796 831 1829 L.
879 1795 922 1830 In
954 1795 1192 1840 palustribus
1229 1806 1328 1830 rara.
1368 1796 1428 1828 Ad
1466 1795 1669 1836 Adamow,
1713 1791 1867 1836 Egbell,

218 1856 335 1903 Csary
363 1857 417 1899 (K
429 1855 581 1889 riisch
608 1856 661 1888 Fl.
681 1856 758 1898 87),
784 1854 872 1887 Bori
899 1854 972 1896 (Id.
998 1855 1153 1888 muthm.
1173 1855 1273 1887 Torf.
1300 1852 1539 1895 LXXXVII)
1567 1855 1606 1885 et
1623 1851 1868 1885 Szakolczam

215 1927 346 1951 versus
372 1915 567 1950 Marcham
594 1913 710 1956 (Hol.
736 1913 771 1945 b.
798 1912 842 1946 N.
871 1914 946 1955 89).

357 1974 531 2009 samolus
566 1973 773 2007 Valerandi
796 1973 838 2006 L.
866 1972 909 2006 In
934 1970 1144 2017 uliginosis.
1183 1972 1243 2005 Ad
1269 1970 1433 2005 Nitriam
1470 1973 1510 2004 eb
1541 1970 1692 2014 Vagum
1720 1965 1870 2012 (Lang

218 2039 300 2068 τῶν.
326 2034 436 2079 phys.
463 2030 581 2075 314)?

843 2090 1089 2126 Erieaceae
1116 2090 1245 2124 Endl.

360 2173 525 2209 Callima
550 2172 720 2219 vulgaris
747 2170 916 2205 Salisb.
943 2171 985 2204 In
1011 2170 1149 2216 apricis
1176 2169 1366 2204 montanis
1392 2170 1493 2204 haud
1519 2169 1672 2214 ubique.
1706 2169 1763 2201 Ad
1792 2168 1867 2201 Te-

216 2232 398 2278 nietveny
437 2232 579 2274 (Kell.
618 2230 736 2266 Beitr.
775 2232 884 2275 ὑ385),
918 2229 1082 2263 Nitriam
1108 2229 1146 2263 iu
1172 2240 1217 2263 m.
1245 2229 1382 2272 Zobor,
1409 2214 1558 2262 Zibrica
1586 2231 1625 2261 et,
1652 2227 1804 2262 Ghimes
1832 2226 1869 2260 in

217 2304 264 2326 m.
291 2291 440 2326 Bilizka
465 2294 505 2324 eb
530 2287 735 2335 Hidegvar.

368 2350 584 2385 Vaccinium
611 2350 804 2395 Myr-tillus
830 2347 872 2381 L.
910 2347 953 2381 In
979 2347 1161 2393 lapidosis
1187 2347 1277 2381 loeis
1305 2350 1344 2380 et,
1370 2345 1537 2381 arenosis
1563 2344 1702 2390 pinetis
1729 2354 1868 2378 rarum.

218 2411 277 2444 Ad
305 2408 447 2452 Sassin,
473 2406 550 2441 Bur
577 2407 795 2450 (Kriisch
822 2406 874 2439 Fl.
893 2407 972 2449 73),
999 2405 1234 2452 Temetveny
1254 2406 1394 2449 (Kell.
1410 2404 1529 2439 Beit-r.
1548 2406 1636 2448 285)
1656 2407 1696 2438 et,
1715 2402 1868 2436 Ghimes

218 2469 255 2503 in
282 2480 328 2502 m.
353 2464 549 2512 Hidegvar
575 2470 614 2500 et
639 2465 801 2499 Bilizka.

369 2526 409 2561 V.
445 2525 535 2561 Vitis
560 2526 672 2561 idaea
696 2525 739 2558 L.
775 2516 837 2558 In*
858 2524 1027 2559 arenosis
1065 2524 1218 2570 pinetis.
1244 2525 1303 2558 Ad
1331 2524 1459 2558 Sassia
1486 2526 1525 2557 eb
1548 2522 1626 2557 Bi'u·
1652 2519 1866 2564 (Kriisoh

217 2587 271 2620 Fl.
297 2586 375 2629 73).

812 2643 1096 2689 Pyrolaoeae
1122 2642 1271 2677 Lindl.

359 2724 502 2772 Pyt-ola
526 2726 770 2772 rotundifolia
806 2726 848 2760 L.
887 2727 929 2760 Iu
965 2725 1167 2770 oarpatieis
1201 2725 1301 2760 silvis
1338 2725 1384 2759 ad
1419 2719 1687 2767 Vitg-Ujhely
1725 2719 1866 2762 (Kell.

218 2783 336 2817 Beier.
363 2784 407 2817 ΙΙ.
438 2786 515 2827 51).
