1992 3209
247 208 297 244 8¹2
932 222 984 248 los.
1003 223 1074 247 Arni.
1096 221 1114 247 K
1123 229 1136 247 ιι
1146 228 1180 254 :ip
1190 229 1214 254 p:

248 300 460 345 (Kriisch
486 303 540 336 ΕΙ.
568 304 645 346 51)),
674 302 919 337 Szakolczam
945 303 1061 345 (Hol.
1088 303 1168 347 N.)‚
1209 301 1447 348 Temetveny
1487 304 1624 346 (Kell.
1650 305 1769 340 Beitr.
1798 307 1900 351 286),

246 362 419 406 Nimiam,
449 362 492 395 G.
519 360 647 405 Lapas
675 364 714 395 et
740 359 867 395 Zsere.

386 420 431 454 P.
458 422 642 455 anserina
664 420 706 454 L.
733 421 776 455 Iu
801 420 936 466 pratis⁷
963 420 1070 455 siccis
1097 419 1218 465 pratis
1244 422 1283 453 et
1308 419 1453 453 lacunis
1480 420 1629 466 ubique.

384 479 431 513 P.
457 485 609 524 reptans
635 479 676 512 L.
703 480 746 513 111
771 479 909 523 pratis,
935 479 1097 514 humidis
1123 479 1214 513 locis
1242 482 1280 513 et
1306 479 1415 513 fossis
1442 478 1651 526 divulgata.

386 538 432 573 P.
466 537 704 573 Tormentilla
723 538 850 583 Scop.
882 540 925 573 In
951 538 1113 573 humidis
1140 538 1263 583 pratis
1290 541 1329 572 et
1356 537 1509 572 incultis
1537 538 1641 573 silvis
1668 551 1812 586 sparsa.
1840 542 1898 574 Ad

243 596 384 642 Miava,
414 598 595 642 Brezova7
623 596 794 632 Verbocz
820 593 1037 640 (Kriiseh
1062 598 1115 631 Fi.
1136 598 1214 641 50),
1242 597 1477 644 Temetveuy
1503 598 1643 641 (Kell.
1662 599 1781 634 Beitr.
1802 602 1901 644 286),

243 655 497 703 Vag-Ujhely
523 658 595 700 (Id.
623 657 669 691 ΙΙ.
697 658 776 701 53),
804 656 958 701 Gajdel‚
985 656 1159 701 Bajmocz
1187 660 1227 691 et
1254 657 1308 691 St.
1337 657 1476 703 Georg.

384 715 431 751 P.
456 728 570 752 verna
595 717 637 749 L.
670 717 713 750 In
738 715 963 762 graminosis
991 715 1142 761 ubique.

514 788 548 809 α.
575 778 723 810 cinerea
739 775 884 810 Neilr.
911 776 970 809 Ad
985 775 1114 808 Holics
1140 775 1178 809 in
1205 775 1300 810 silva
1314 786 1433 821 prope
1449 775 1667 811 fullonicam
1683 775 1900 820 (Kriisch

648 835 702 868 Pl.
730 837 806 879 50).

514 905 545 936 γ.
573 893 709 938 alpina
734 894 881 928 Neilr.
910 895 953 928 In
979 893 1197 927 summitate
1225 904 1271 927 m.
1298 891 1442 927 Revan.

507 953 539 986 ὃ.
566 965 686 995 opaca¹
712 953 853 986 Neilr.
881 954 924 986 In
951 953 1108 986 collibus
1123 951 1292 986 herbidis
1310 951 1456 986 diffusa.
1485 952 1542 984 Ad
1556 951 1667 995 Unin,
1686 952 1895 987 Radossocz

654 1011 870 1054 (Kriisch
896 1012 949 1045 Fl.
977 1014 1051 1057 50),
1080 1010 1315 1056 Temetveny
1343 1011 1482 1053 (Kell.
1510 1011 1628 1045 Beitr.
1654 1013 1756 1056 286),
1789 1011 1899 1057 Vag-

648 1071 788 1117 Ujhely
815 1072 888 1115 (Id.
914 1073 956 1105 B.
984 1072 1030 1105 ΙΙ.
1057 1073 1133 1114 53),
1161 1073 1204 1104 A.
1219 1071 1380 1114 Lehota,
1406 1070 1573 1114 Hubiua⁷
1599 1070 1777 1116 Nitriam,
1804 1072 1900 1105 Ghi-

649 1143 739 1175 mes⁷
769 1132 898 1175 Geszt,
927 1132 970 1165 G.
998 1130 1125 1176 Lapas
1154 1134 1193 1164 et
1219 1131 1260 1164 L.
1290 1131 1488 1176 Gyarmat.

388 1190 433 1225 P.
461 1191 599 1224 collina
617 1190 732 1224 Wib.
758 1191 802 1224 In
829 1190 1012 1225 silvarum
1038 1190 1265 1236 graminosis
1293 1194 1333 1225 et
1360 1189 1532 1224 arenosis
1558 1199 1658 1224 rara.
1686 1190 1745 1223 Ad
1762 1189 1901 1234 Egbell

245 1253 285 1283 et
311 1250 495 1283 Adamow
522 1250 577 1292 (K
589 1248 738 1283 riisch
766 1250 818 1283 Fl.
848 1251 920 1291 49).

387 1308 432 1342 P.
459 1315 635 1355 argentea
661 1309 702 1342 L.
752 1310 795 1342 [η
838 1308 946 1343 siccis
984 1308 1147 1354 pascuis,
1187 1307 1324 1353 pratis,
1364 1308 1479 1343 muris
1513 1312 1553 1343 et
1592 1306 1786 1342 fruticosis
1810 1307 1902 1341 locis

244 1366 454 1413 divulgata..

386 1427 432 1461 P.
459 1428 644 1463 inclinata
669 1427 776 1462 Vill.
823 1429 880 1462 Ad
918 1428 1083 1462 Nitriam
1125 1439 1244 1474 prope
1285 1427 1437 1463 fiuvium
1481 1426 1658 1470 (Schill.
1704 1419 1745 1461 O.
1784 1428 1819 1461 b.
1861 1427 1901 1461 Z.

247 1487 348 1521 1864.
376 1485 468 1529 64)?

390 1546 436 1581 P.
464 1553 566 1582 recta
591 1547 634 1581 L.
662 1548 702 1582 In
729 1547 921 1593 lapidosis,
948 1547 1137 1582 fruticosis
1164 1547 1331 1590 collibus,
1357 1545 1474 1580 vineis
1502 1549 1541 1579 et
1567 1544 1669 1578 silvis
1694 1543 1846 1589 ubique.

387 1605 432 1639 P.
458 1608 599 1651 sapiwa
626 1607 666 1642 L.
711 1609 754 1642 111
789 1607 983 1641 inundatis
1023 1608 1123 1642 haud
1165 1607 1377 1652 divulgata.
1417 1606 1475 1638 Ad
1503 1604 1642 1649 Egbell
1682 1604 1716 1637 iu
1744 1603 1902 1639 Dobrau

245 1665 300 1707 (Κ
313 1660 464 1698 ΓΞίεοΙι
491 1666 544 1699 Fi.
573 1668 648 1712 49),
676 1665 866 1711 Bajmdw,
895 1667 939 1701 G.
968 1667 1193 1711 Tapolcsan,
1222 1665 1448 1708 Tawornok,
1489 1665 1531 1698 G.
1561 1663 1706 1707 Bodok⁷
1751 1661 1901 1707 Csekej,

244 1722 418 1768 Nitriam,
454 1723 725 1771 Kamz'mfalva,
770 1729 949 1771 Appouy,
990 1727 1032 1760 L.
1061 1726 1260 1772 Gyarinat,
1295 1724 1416 1768 Csehi,
1446 1723 1638 1769 Eozdegh,
1666 1722 1833 1767 Szeffiw,
1861 1722 1901 1756 P.

246 1781 340 1828 Bab,
371 1783 536 1828 Ghiiues,
566 1785 734 1830 Sempte⁷
760 1785 809 1819 K.
836 1783 994 1831 Mauya,
1020 1784 1183 1829 Komjat
1209 1790 1249 1818 et
1277 1785 1319 1819 G.
1349 1781 1529 1828 Czeteny.

387 1842 433 1876 P.
460 1845 645 1888 rupes-tris
671 1844 713 1876 L.
759 1845 800 1877 In
839 1844 987 1888 rupium
1028 1843 1167 1877 fissuris
1212 1848 1250 1876 et
1276 1842 1458 1876 silvaticis
1484 1840 1665 1885 lapidosis
1692 1850 1792 1874 rara.
1841 1840 1900 1874 Ad

246 1900 424 1935 Vittencz
452 1905 491 1935 et
520 1901 646 1946 Csejte
673 1901 886 1944 (Kriisch
914 1902 968 1934 ΕΙ.
997 1902 1072 1944 49).

393 1960 508 1994 Geum
533 1962 722 1995 urbanum
748 1961 790 1994 L.
817 1961 965 2005 Ubique
991 1963 1037 1994 ad
1068 1971 1190 2004 sepes,
1219 1959 1256 1993 iu
1282 1959 1401 1994 vineis
1428 1962 1468 1992 et
1494 1957 1723 1992 nemoribus.

389 2018 553 2063 Spiraea
579 2020 785 2065 salicifolz'a
811 2020 853 2052 L.
893 2021 932 2053 111
973 2019 1134 2053 humidis
1174 2018 1275 2053 silvis
1304 2029 1401 2052 rara.
1445 2019 1503 2051 Ad
1531 2016 1662 2063 Csinry,
1695 2018 1834 2063 Egbell
1862 2021 1902 2052 ct

247 2076 376 2111 Sassiu
403 2078 439 2111 in
466 2078 596 2122 pineto
625 2079 843 2121 (Kriisch
869 2080 923 2114 Fl.
952 2081 1028 2122 48).

389 2136 430 2170 S.
466 2136 645 2172 Ulmaria
661 2138 704 2172 L.
733 2139 772 2172 In
800 2138 962 2172 humidis
988 2138 1109 2183 pratis
1138 2148 1236 2172 rara.
1263 2138 1322 2170 Ad
1336 2136 1475 2181 Holics7
1496 2134 1662 2182 Posteny
1682 2131 1900 2178 (Kriisch

246 2195 300 2229 Fi.
326 2197 403 2241 48),
444 2195 680 2243 Temetveuy
724 2197 867 2240 (Keil.
912 2197 1031 2232 Beitr.
1078 2200 1176 2242 286),
1221 2196 1361 2241 Gajdel
1404 2200 1444 2230 et
1484 2196 1613 2230 Kolou
1651 2206 1770 2240 prope
1797 2196 1900 2241 „Bo-

247 2255 378 2301 czegai
405 2255 498 2291 viz.“

390 2316 430 2349 S.
460 2316 706 2360 Filipewlula
732 2316 775 2350 L.
804 2317 843 2350 In
870 2314 1094 2361 graminosis
1120 2315 1243 2360 pratis
1270 2319 1309 2350 et
1334 2313 1484 2360 pascuis
1511 2314 1703 2360 frequens.

848 2410 1162 2456 Amygdaleae
1187 2411 1209 2443 J
1219 2421 1242 2444 u
1255 2421 1270 2444 s
1280 2421 1306 2445 s.
1338 2429 1344 2439 ι

390 2490 626 2538 szyydaCus
650 2492 894 2527 Pallasiana
921 2493 1157 2526 Schlecht.
1186 2491 1395 2526 Rarissima
1421 2491 1458 2527 in
1484 2503 1530 2526 m.
1559 2492 1693 2525 Zobor.

391 2551 437 2585 A.
464 2552 665 2585 communis
690 2551 732 2584 L.
758 2551 914 2585 Colitur.

392 2610 546 2646 Persica
571 2611 742 2657 vulgaris
766 2610 880 2644 Mill.
908 2610 1063 2644 Colitur.

391 2670 552 2705 Prunus
579 2669 809 2705 Armeniaca
836 2670 877 2703 L.
905 2669 1057 2704 Colitur.

391 2730 436 2764 1².
464 2731 620 2774 spinosa
646 2730 687 2762 L.
715 2730 757 2764 ln
784 2728 1011 2774 nemoribus,
1041 2729 1159 2763 vineis
1188 2734 1227 2763 ct
1255 2729 1356 2763 silvis
1384 2738 1527 2773 sparsa.

393 2787 438 2821 P.
465 2788 658 2823 domestica
685 2789 725 2823 L.
754 2788 908 2822 Colitur.
