1992 3209
232 215 284 253 70
909 229 962 256 Jos.
981 231 1052 256 Arm.
1075 229 1200 263 Knapp:

842 340 1090 377 violaceas
1115 340 1230 374 Lind
1243 341 1264 374 l.

378 422 486 457 Ποῖα
499 422 686 468 palustris
704 421 746 454 L.
773 422 818 455 Iu
835 421 1029 466 uliginosis
1055 421 1175 466 pratis
1203 431 1302 455 rara.
1331 422 1387 454 Ad
1408 420 1550 465 Sassin‚
1568 421 1645 455 Bur
1667 422 1722 464 (K
1735 420 1884 455 riisch

231 483 284 516 fl.
312 483 376 525 35)
404 487 442 515 et
469 480 642 526 Bajmocz
671 491 786 525 prope
814 480 1002 514 balneum.

381 541 420 575 Γ.
447 541 603 576 odorata
631 540 673 573 L.
700 539 845 584 L’bique
871 538 907 571 in
936 539 1048 581 silvis,
1075 539 1288 572 nemoribus
1315 545 1353 573 et
1383 538 1568 573 fruticosis
1595 538 1696 572 loeis.

499 600 536 644 β.
563 598 759 645 acatifolia
786 598 930 632 Neilr.
980 599 1023 631 Iu
1050 598 1150 632 silvis
1176 597 1361 632 montanis
1388 609 1487 631 rara.
1514 598 1571 630 Ad
1600 597 1711 639 Uniu,
1738 597 1886 630 Rados-

644 656 727 690 socz
753 655 970 699 (Kriisch
996 657 1049 691 Pl.
1077 658 1165 699 35),
1205 655 1472 700 Szakolczam,
1501 655 1674 699 Lubiua,
1699 654 1886 701 vag-fj-

642 717 733 761 hely
760 717 875 758 (Hol.
902 716 981 760 Χ),
1007 715 1180 758 Nstriam,
1207 715 1330 749 Kolon
1358 720 1397 749 et
1424 714 1590 750 Ghimes.

377 776 419 812 V.
446 775 546 812 hirta
572 775 614 809 L.
641 776 684 809 In
709 775 904 809 vinearum
930 774 1078 820 pascuis
1106 779 1145 808 et.
1170 773 1271 808 silvis
1298 774 1481 807 umbrosis
1508 773 1700 818 frequens.

501 836 537 880 β.
567 836 737 869 umbrosa
764 834 907 868 Neilr.
934 835 992 867 Ad
1021 832 1254 878 Temetveny
1280 833 1417 875 (Kell.
1444 833 1562 866 Beitr.
1591 834 1687 874 286).

377 893 416 929 V.
445 896 631 929 mirabilis
657 894 701 929 L.
742 894 786 927 In
825 893 1014 926 fruticosis
1053 903 1152 927 rara.
1207 892 1262 925 Ad
1302 890 1424 925 Hruso
1457 891 1494 924 in
1532 902 1577 925 m.
1604 890 1733 924 Nedzo
1759 890 1887 933 (Hol.

232 954 323 998 Erg.
365 954 445 997 59),
498 947 673 999 Uzbe'egh,
712 951 875 986 Nitriam
916 951 951 985 iu
978 950 1222 994 monasterio,
1267 946 1521 996 „Csermany“
1557 954 1597 983 et
1637 947 1886 994 vag-Ujhely

233 1012 374 1054 (Kell.
401 1012 518 1046 Beitr.
546 1013 593 1047 11.
620 1013 698 1055 52).

378 1071 416 1106 V.
443 1073 574 1117 biflora
599 1072 641 1105 L.
668 1072 712 1106 Iu
738 1070 875 1116 pinetis
903 1081 1003 1104 rara.
1054 1070 1115 1103 Ad
1156 1067 1284 1103 Sassiu
1324 1072 1363 1101 et
1388 1064 1465 1101 Bn'n·
1491 1065 1706 1110 (Kriisch
1731 1066 1785 1101 Fl.
1811 1068 1887 1108 35).

377 1130 416 1166 V.
445 1132 629 1165 arenaria
659 1130 693 1163 D
715 1129 751 1163 C.
804 1129 847 1163 In
875 1129 1042 1163 arenosis
1070 1127 1220 1173 pineti&
1247 1127 1306 1160 Ad
1334 1126 1463 1160 Sassin
1488 1125 1705 1170 (Kriisch
1731 1125 1785 1159 Pl.
1812 1127 1887 1166 35).

376 1189 415 1225 V.
442 1190 616 1225 silvestris
642 1188 824 1223 Kitaib.
850 1189 894 1222 Iu
921 1188 1023 1222 silvis
1050 1188 1343 1231 nemoribusque
1372 1185 1582 1229 divulgata.

500 1250 537 1294 β.
564 1249 789 1284 macrantha
817 1248 934 1282 Doll.
962 1248 1020 1280 Ad
1047 1247 1232 1280 Adamow
1260 1243 1481 1289 (Kriisch
1506 1244 1560 1278 Fl.
1580 1244 1643 1286 35)
1662 1249 1702 1279 et
1726 1243 1890 1278 Nitriam

639 1308 678 1342 in
703 1307 838 1341 insula.

379 1367 418 1402 V.
444 1368 586 1402 canina
609 1368 653 1401 L.
681 1366 827 1412 Ubique
853 1364 892 1399 in
918 1365 1019 1400 silvis
1047 1364 1247 1399 montanis.

382 1428 417 1462 V.
440 1428 678 1474 persicisolz'a
703 1426 805 1460 Rth.

503 1499 538 1521 οι.
564 1487 747 1533 staynina
775 1484 921 1519 Neilr.
947 1484 990 1518 In
1015 1483 1212 1529 paludosis
1239 1482 1360 1528 pratis
1388 1492 1487 1516 rara.
1529 1482 1589 1515 Ad
1614 1481 1774 1515 Nitriam
1801 1489 1890 1514 ver-

642 1556 702 1580 sus
730 1541 888 1578 Darazs.

503 1606 542 1651 β.
563 1606 757 1651 pratensis
782 1602 925 1637 Neilr.
972 1602 1016 1636 In
1052 1601 1213 1635 humidis
1245 1600 1368 1646 pratis
1397 1604 1437 1634 et
1462 1599 1591 1633 vicinis
1617 1598 1720 1644 agris
1746 1608 1892 1642 sparsa.

642 1664 701 1698 Ad
728 1663 778 1697 K.
803 1661 964 1705 Emoke‚
991 1659 1150 1707 Komjat
1176 1666 1216 1694 et,
1241 1660 1434 1705 Eozdegh.

381 1724 422 1761 V.
447 1725 595 1759 tricolor
620 1722 662 1756 L.
690 1723 733 1756 ln
760 1721 892 1764 vineis,
921 1720 1024 1766 agris
1051 1725 1091 1755 et.
1115 1719 1266 1754 incultis
1295 1719 1504 1764 divulgata.

505 1782 541 1827 β.
567 1781 807 1829 yrandiflora
832 1781 1016 1825 Hayne.
1042 1779 1086 1812 Iu
1112 1790 1158 1812 m.
1186 1779 1309 1812 Zobor
1334 1782 1374 1812 et
1399 1767 1559 1812 Zibrica.

812 1874 1168 1912 cucurbitaoeae
1195 1873 1218 1906 J
1229 1884 1250 1906 u
1261 1884 1276 1906 s
1287 1884 1314 1906 s.

372 1953 573 1988 Ouo-urbita
598 1951 699 1997 Pepo
725 1951 768 1985 L.
795 1950 949 1985 Colitur.

375 2012 548 2047 Cucumis
573 2012 718 2046 salivas
742 2010 785 2045 L.
812 2009 969 2044 Colitur.

377 2071 416 2106 0.
444 2071 541 2106 Melo
565 2071 608 2105 L.
635 2071 736 2105 Raro
763 2069 907 2104 colitur.
935 2067 1148 2114 Praecipue
1173 2067 1221 2100 ad
1247 2065 1411 2101 Szelocz.

370 2130 545 2178 Bryom'a
571 2131 694 2166 dioica
735 2129 779 2163 L.
826 2129 884 2162 Ad
918 2138 1026 2172 sepes
1066 2132 1106 2161 et
1144 2127 1326 2161 fruticeta
1364 2135 1465 2161 rara.
1515 2123 1643 2160 Solum
1669 2123 1716 2157 ad
1742 2122 1890 2157 Lubiua

238 2191 295 2233 (H
310 2201 330 2224 o
346 2189 369 2223 l.
396 2189 469 2232 NJ.

379 2249 431 2284 B.
458 2249 550 2283 alba
575 2248 617 2281 L.
644 2247 791 2292 Ubique
817 2248 865 2281 ad
892 2258 1016 2291 sepes,
1042 2256 1162 2291 pagos
1189 2250 1229 2279 et
1254 2245 1394 2279 vineas.

841 2341 1143 2377 roi-tulaoeae
1170 2340 1190 2374 J
1201 2351 1224 2374 u
1234 2351 1249 2373 s
1259 2350 1287 2373 s,

373 2431 603 2466 Porculacca
628 2431 794 2465 oleraceai
821 2430 863 2463 L.
890 2429 934 2463 In
961 2426 1174 2469 ruderatis,
1213 2425 1315 2470 agris
1355 2428 1394 2458 et
1427 2423 1602 2468 lapidosis
1629 2423 1709 2457 siue
1736 2432 1888 2467 perma-

239 2495 355 2525 nente
383 2490 474 2524 loco.
500 2491 560 2524 Ad
587 2489 831 2524 Szakolczam
863 2488 981 2530 (Hol.
1009 2487 1043 2519 b.
1072 2486 1114 2520 N.
1134 2487 1211 2528 87),
1239 2483 1404 2528 Hubina,
1431 2481 1657 2526 Tawornok‚
1684 2482 1727 2517 G.
1746 2480 1891 2525 Bodok,

238 2550 415 2596 Nitriam‚
443 2550 485 2584 L.
513 2550 714 2596 Gyarmat.‚
738 2547 945 2582 Moesouok
973 2553 1012 2580 et
1039 2546 1079 2580 Ο.
1106 2542 1292 2589 Recseuy.

793 2652 1164 2700 caryophyueao
1190 2651 1218 2685 F
1226 2663 1245 2685 e
1256 2662 1277 2685 n
1289 2662 1308 2685 z
1317 2651 1341 2685 l.

374 2733 588 2768 Herniaria
611 2733 750 2780 ylabra
774 2732 818 2766 L.
862 2732 901 2765 Iu
930 2727 1120 2764 inundatis
1139 2754 1150 2771 ‚
1192 2727 1357 2761 arenosis
1391 2729 1430 2760 et
1469 2722 1645 2769 lapidosis
1672 2721 1762 2755 locis
1789 2721 1889 2755 haud

240 2792 390 2837 ubique.
427 2794 485 2828 Ad
513 2793 709 2835 Adamow,
736 2791 874 2836 Egbell
903 2788 1119 2834 (Kriisch
1145 2788 1200 2822 Fi.
1226 2788 1304 2830 50),
1333 2782 1578 2829 vag>Ujhe1y
1606 2780 1744 2823 (Kell.
1774 2780 1890 2814 Beitr.
