1992 3209
663 214 824 241 Pru-iromus
842 213 920 239 norae
936 213 1081 239 comitatus
1092 214 1240 240 Nixi-irrisis,
1734 195 1785 234 29

738 370 1006 408 Urtloaoeae
1032 371 1064 404 E
1075 381 1097 404 n
1108 370 1164 404 dl.

261 466 386 502 Urtica
411 467 532 502 dioica
559 466 601 500 L.
628 466 688 500 Ad
716 465 811 508 vias,
840 464 953 508 rivos,
985 475 1094 510 sepes
1122 475 1166 498 ac
1192 464 1229 499 in
1257 464 1359 498 silvis
1385 465 1579 510 frequens.

261 527 299 562 U.
336 539 446 563 urens
471 527 513 561 L.
542 527 582 561 In
610 524 741 568 hortis,
770 525 818 558 ad
847 535 987 568 muros,
1015 525 1158 568 domos,
1184 535 1370 570 sepesque
1396 524 1546 571 ubique.

253 586 477 622 Parietaria
501 584 700 632 officinalis
734 584 777 618 L.
813 583 855 618 In
892 583 995 618 silvis
1030 588 1069 618 et
1102 584 1295 618 ruderatis
1323 595 1425 618 rara.
1468 587 1501 618 A
1527 583 1789 632 Biebersburg

118 658 236 692 usque
263 645 517 692 vag-thely
543 644 762 689 (Kriisch
789 645 845 678 Fl.
872 645 952 687 92),
979 644 1027 678 ad
1055 643 1232 689 Bajmocz
1260 649 1300 678 et
1326 644 1479 690 Gajdel.

709 752 1034 790 oannamneae
1054 753 1084 787 E
1103 754 1158 787 nd
1171 755 1193 789 l.

261 845 458 882 Cannabis
482 849 610 882 sativa
637 848 678 882 L.
708 847 851 882 Colibur
880 851 920 882 et
945 847 1150 882 silvescens
1181 847 1358 883 occurrit.

256 905 456 942 Humuzus
482 907 639 953 lupulus
664 907 707 941 L.
735 907 778 941 Iu
804 907 1011 951 fruticetis,
1038 908 1255 943 nemoribus
1283 913 1323 942 et
1349 909 1398 942 ad
1424 907 1524 942 rivos
1549 907 1741 954 frequens.

622 1013 882 1051 saueineae
915 1015 958 1049 L.
991 1015 1029 1049 C.
1063 1015 1283 1052 Richard.

254 1095 367 1130 Salia·
393 1096 484 1131 alba
508 1095 551 1130 L.
579 1096 621 1130 In
648 1096 829 1131 silvarum
856 1097 1097 1132 humidarum
1123 1097 1361 1144 marginibus
1389 1101 1430 1132 et
1447 1097 1546 1132 rivos
1564 1098 1666 1132 haud
1688 1108 1789 1132 rara.

117 1155 177 1189 Ad
205 1154 431 1189 Chwonicza
456 1155 579 1190 rivum
607 1155 828 1199 (Kriisch
854 1157 909 1190 Pl.
938 1158 1017 1200 94),
1043 1157 1221 1201 Nitriam‚
1249 1159 1404 1192 Tormos
1431 1161 1505 1192 etc.

257 1213 300 1251 S.
319 1216 481 1262 fragilis
507 1216 550 1249 L.
575 1214 723 1261 Ubique
750 1216 798 1250 ad
823 1215 940 1259 rivos,
965 1217 1112 1261 fluvios,
1138 1228 1259 1263 pagos
1287 1222 1328 1252 et
1354 1217 1391 1252 in
1418 1218 1644 1253 nemoribus.

393 1274 428 1318 β.
455 1274 612 1309 discolor
636 1275 779 1310 Neilr.
807 1275 997 1312 Similibus
1023 1276 1126 1311 locis.

253 1333 294 1369 S.
321 1335 568 1381 amyydalina
582 1334 624 1368 L.
651 1335 710 1368 Ad
730 1334 911 1369 silvarum
927 1335 1120 1381 margines
1149 1339 1188 1369 et
1213 1335 1313 1370 rivos
1341 1346 1488 1381 sparsa.
1515 1336 1574 1369 Ad
1590 1335 1789 1378 Adamow‚

120 1392 241 1439 Csary
268 1390 486 1437 (Kriiseh
512 1395 567 1428 Fl.
595 1394 674 1439 54),
702 1394 744 1428 L.
774 1393 963 1440 Gyarmat
989 1398 1029 1428 et
1045 1394 1090 1429 U.
1111 1394 1343 1440 Kuroskeny
1368 1405 1500 1429 versus
1526 1394 1791 1440 Davarcsany.

253 1453 294 1488 S.
316 1466 518 1500 purpurea
545 1454 587 1488 L.
622 1455 665 1487 In
704 1454 900 1488 inundatis
927 1454 1018 1488 locis
1047 1465 1193 1499 sparsa.
1230 1455 1289 1488 Ad
1317 1455 1437 1489 Vecse
1462 1465 1594 1489 versus
1620 1454 1791 1488 Hosszu-

115 1513 195 1548 salu
224 1513 439 1556 (Schill.
475 1514 516 1548 O.
550 1514 585 1548 b.
622 1514 663 1548 Z.
701 1515 793 1551 1864
832 1525 869 1559 p.
908 1515 1009 1559 386),
1053 1513 1218 1549 Nitriam
1258 1518 1298 1548 et
1330 1511 1587 1560 vag-Ujhely
1624 1514 1793 1558 (Kell.

118 1571 236 1607 Beitr.
263 1573 310 1608 ΙΙ.
337 1574 414 1617 49).

254 1632 294 1666 S.
320 1633 513 1667 viminalis
539 1633 582 1666 L.
609 1633 650 1666 In
678 1632 844 1666 rivorum
869 1632 975 1678 ripis.
1004 1633 1062 1666 Ad
1090 1631 1219 1666 Holics
1247 1631 1470 1675 (Kriisch
1496 1633 1552 1667 Fl.
1581 1634 1659 1677 94).

255 1690 293 1726 S.
320 1693 467 1726 cinerea
492 1690 535 1725 L.
567 1691 762 1737 Frequens
795 1692 843 1725 ad
878 1690 1053 1736 planitiei
1087 1691 1188 1726 rivos
1222 1693 1346 1727 fossas
1380 1693 1630 1739 paludesque,
1665 1691 1790 1727 rarior

116 1751 155 1785 in
181 1750 285 1784 silvis
311 1751 513 1785 montanis.

252 1810 292 1845 S.
326 1822 495 1856 capraea
534 1810 578 1844 L.
619 1810 724 1844 Rara
764 1809 803 1844 in
844 1808 1022 1856 planitiei
1068 1809 1191 1854 silvis,
1238 1811 1478 1857 frequentior
1521 1811 1561 1846 in
1605 1814 1789 1846 montana

115 1870 287 1917 regione.

253 1930 293 1964 S.
319 1941 451 1975 repens
476 1929 519 1963 L.
546 1929 588 1963 In
615 1928 777 1963 humidis
804 1927 909 1962 silvis
935 1940 1082 1974 sparsa.
1123 1930 1181 1964 Ad
1213 1930 1412 1975 AdamoW‚
1453 1929 1612 1973 Czunin‚
1654 1928 1789 1976 Csz'iry,

119 1987 271 2033 Cojatiu
299 1988 516 2032 (Kriisch
542 1989 599 2029 Pl,
628 1989 692 2031 95)
720 1993 759 2022 et
785 1987 966 2032 Bajmocz
993 1999 1113 2034 prope
1140 1990 1334 2024 balneum.

254 2048 428 2094 Populus
455 2049 546 2085 alba
571 2048 614 2082 L.
641 2049 682 2081 Iu
711 2048 927 2083 nemoribus
955 2052 996 2082 et
1021 2049 1114 2093 ripis
1142 2049 1357 2095 divulgata.

256 2107 301 2141 P.
328 2108 489 2143 tremula
515 2108 559 2141 L.
596 2107 879 2141 In·nemoribus
907 2111 947 2141 et
973 2107 1076 2141 silvis
1102 2107 1291 2142 montanis
1318 2118 1464 2152 sparsa.
1501 2109 1560 2142 Ad
1588 2108 1788 2142 Marcham

117 2165 334 2210 (Kriisch
361 2167 416 2200 Fl.
444 2167 522 2210 95),
548 2166 728 2209 Nitriam,
755 2166 923 2210 Ghimes,
951 2167 1107 2201 Hubiua
1133 2171 1174 2201 et
1200 2165 1460 2214 Vag-Ujhely
1486 2167 1524 2201 in
1550 2166 1683 2201 vineis.

261 2224 307 2259 P.
335 2225 601 2260 albo-tremula
627 2225 771 2260 Neilr.
800 2228 831 2260 1.
858 2230 1076 2260 tomentosa
1102 2226 1247 2261 Neilr.
1291 2227 1334 2261 In
1360 2227 1577 2262 nemoribus
1618 2230 1658 2260 et
1684 2226 1788 2261 silvis

117 2285 317 2320 montanis.
344 2286 402 2319 Ad
429 2286 623 2320 Mareham
658 2281 876 2327 (Kriisch
902 2286 959 2320 Fl.
986 2288 1062 2327 95),
1104 2285 1342 2333 Temetveny
1381 2287 1522 2330 (Kell.
1548 2286 1669 2321 Beitr.
1697 2286 1787 2329 284)

119 2349 161 2379 et
185 2343 440 2391 Vag-thely
473 2346 548 2388 (Id.
573 2346 615 2379 B.
643 2345 687 2379 11.
716 2345 790 2388 49).

260 2404 306 2438 Ρ.
332 2406 449 2450 ηἱρνα
475 2404 517 2438 L.
545 2404 692 2439 Colitur
719 2409 759 2439 et
785 2405 822 2439 in
850 2404 955 2440 silvis
982 2406 1157 2442 occurrit.
1197 2407 1256 2440 Ad
1286 2406 1439 2441 Szelocz
1473 2417 1608 2441 versus
1634 2407 1786 2452 Vagum

119 2468 160 2499 et
185 2462 442 2510 Viig-I'jhely
466 2463 606 2506 (Kell.
633 2464 753 2498 Beitr.
781 2464 827 2499 II.
856 2465 932 2507 49).

260 2523 307 2558 Ρ.
329 2523 582 2570 pyramidalis
607 2523 788 2558 Rozier.
816 2524 963 2559 Colitur

648 2641 940 2679 Saholweae
968 2643 1006 2677 M
1017 2655 1038 2678 o
1048 2655 1082 2690 q.
1109 2644 1138 2678 T
1148 2654 1171 2678 a
1181 2655 1202 2677 n
1215 2644 1250 2677 d.

260 2729 430 2775 Ati-iplea·
454 2730 635 2764 hortensis
661 2729 704 2764 L.
731 2729 877 2765 Colitur
903 2735 943 2764 et
970 2730 1176 2765 silvescens
1203 2731 1378 2766 occurrit.

260 2791 305 2827 A.
334 2793 452 2827 nitens
478 2791 610 2826 Schk.
638 2792 695 2825 Ad
724 2791 818 2834 vias,
846 2803 956 2837 sepes
984 2796 1022 2826 et
1048 2792 1201 2826 humida
1229 2790 1311 2824 loca
1339 2801 1485 2836 sparsa.
1515 2792 1573 2826 Ad
1602 2793 1783 2838 Appony,
