1992 3209
217 194 267 232 '28
898 215 949 241 Jos.
971 217 1039 242 Arni.
1059 216 1079 242 K
1090 224 1104 241 n
1115 226 1127 241 :1
1138 224 1151 249 [ι
1160 223 1184 249 p.

348 295 473 330 Pinus
499 297 675 331 silvestris
701 297 743 332 L.
772 300 828 331 Ad
857 299 998 343 Sassin,
1035 299 1111 333 Bur
1155 298 1373 342 (Kriiseh
1410 299 1465 333 Fl.
1499 302 1563 344 95)
1602 303 1732 335 vastas
1768 302 1871 336 silvis

215 355 329 389 efficit
356 360 396 389 et.
422 361 591 391 ceterum
618 356 655 390 in
682 357 784 391 silvis
813 360 916 392 culta
944 358 1118 392 omum-it.

349 413 458 449 Abies
484 417 575 450 alba
601 416 713 450 Mill.
755 417 797 451 Iu
825 417 926 451 silvis
954 429 1084 451 versus
1111 417 1421 463 septentrionem.
1449 420 1508 452 Ad
1529 419 1623 454 Unin
1653 419 1872 463 (Kriisch

214 473 271 506 Ff.
299 475 377 517 96),
405 474 533 508 Miava
560 480 599 509 et·
625 478 670 509 A.
698 477 798 511 Tura
829 477 948 520 (Hol.
974 477 1041 519 N.)

349 533 397 575 A,
427 536 537 579 picea
575 535 686 569 Mill.
731 537 772 570 In
813 536 915 570 silvis
954 549 1099 582 sparsa.
1140 539 1198 571 Ad
1232 538 1378 581 Miava,
1423 541 1468 572 A.
1502 539 1603 572 Tura
1641 538 1769 580 (Hol.
1808 538 1873 582 N.)

215 596 253 625 et
282 591 433 636 Gajdel.

349 652 394 686 A.
419 653 544 688 Larioe
570 655 690 687 Lam.
719 654 822 689 Rara
848 655 886 689 in
914 656 1030 691 silvis.
1057 658 1115 690 Ad
1142 657 1241 692 Unin
1277 656 1498 700 (Kriisch
1531 657 1587 691 Fl.
1615 658 1692 700 96),
1732 656 1873 701 Miava,

217 714 263 746 A.
291 711 392 745 Tura
418 713 532 755 (Hel.
559 714 623 756 N.)
650 717 689 747 et
716 714 881 749 Ghimes.

779 809 1152 847 Gallitriehineae
1179 812 1209 845 L
1219 811 1228 844 i
1239 823 1263 846 11
1272 811 1309 845 k.

352 887 563 924 Callitrz'che
586 902 703 924 verna
730 891 772 923 L.
798 891 838 923 In
866 892 1138 936 stagnantibus
1167 892 1273 938 aquis
1300 903 1400 926 rara.
1428 894 1486 926 Ad
1504 893 1631 927 Holics
1658 889 1874 936 (Kriisch

215 947 270 980 Fl.
298 948 377 990 52),
404 947 529 991 Luka,
555 948 751 993 Vozokan,
780 950 823 984 G.
850 950 999 995 Bodok,
1034 954 1200 996 Appony
1235 955 1273 985 et
1303 951 1430 985 Kolon
1463 952 1501 986 in
1543 953 1754 999 „Boczegai
1782 954 1875 988 viZ.“

817 1045 1090 1081 Betulaceae
1123 1046 1153 1079 B
1162 1057 1184 1079 a
1193 1057 1211 1079 r
1221 1047 1267 1080 tl.

350 1124 494 1160 Betzrla
521 1126 613 1160 alba
640 1127 680 1159 L.
708 1126 748 1159 In
777 1126 876 1160 silvis
903 1138 1004 1161 rara.
1031 1129 1089 1161 Ad
1117 1129 1303 1172 Brezova,
1329 1128 1524 1163 Jablonicz
1552 1130 1743 1172 (Rochel
1770 1130 1875 1165 Misc.

214 1184 279 1228 73)
308 1189 345 1218 et
371 1182 625 1230 Vag-[jjhely
652 1185 789 1228 (Kell.
816 1186 934 1220 Beitr.
961 1187 1007 1222 ΙΙ.
1036 1189 1112 1231 49).

352 1243 476 1279 Alnus
501 1245 645 1279 incana
672 1245 755 1279 DC.
790 1247 848 1279 Ad
889 1246 1064 1280 silvarum
1099 1246 1198 1281 rivos
1238 1258 1382 1292 sparsa.
1420 1249 1480 1281 Ad
1519 1247 1628 1291 Unin⁷
1662 1246 1874 1282 Radoss6cz

217 1303 434 1348 (Kriisch
462 1305 517 1338 ΡΙ.
546 1306 609 1347 95)
639 1309 677 1338 et
702 1303 957 1351 Vag-Pjhely
985 1307 1127 1349 (Kell.
1158 1307 1280 1340 Beitr.
1304 1308 1352 1341 II.
1380 1308 1457 1350 49).

353 1363 397 1397 A.
437 1365 626 1409 ylntz'nosa
671 1365 797 1399 Gai-t.
841 1367 900 1398 Ad
942 1365 1055 1409 rivos,
1099 1366 1230 1400 fluvios
1267 1370 1306 1400 et
1339 1367 1499 1411 paludes
1542 1367 1730 1412 frequens.
1774 1366 1875 1400 Raro

214 1421 367 1456 silvulas
395 1422 523 1456 efficit.

708 1500 1002 1546 cupuliferae
1031 1502 1073 1535 L.
1101 1503 1138 1537 C.
1164 1502 1380 1536 Richard.

352 1581 545 1626 Carpinus
570 1581 731 1616 Betalas
756 1582 799 1616 L.
826 1583 867 1616 In
895 1583 996 1617 silvis
1023 1584 1175 1629 ubique.

357 1639 512 1686 Corybas
540 1639 729 1676 Avellana
755 1642 798 1675 L.
825 1642 865 1675 In
895 1643 997 1676 silvis
1025 1647 1064 1677 et
1089 1644 1207 1678 vineis
1235 1644 1427 1689 frequens.

355 1698 522 1740 Quercus
547 1701 762 1740 sessiliflora
788 1701 867 1735 Sm.
894 1702 935 1735 In
964 1702 1185 1738 editioribus
1212 1703 1313 1738 silvis
1339 1703 1528 1749 frequens.

358 1757 402 1799 Q.
426 1759 687 1803 pedunealata
712 1760 849 1794 Ehrh.
878 1761 921 1795 In
947 1761 1048 1795 silvis
1074 1763 1223 1807 ubique.

354 1816 398 1857 Q.
413 1819 611 1861 pubescens
630 1821 688 1852 W.
716 1818 865 1853 Diffusa
891 1820 929 1853 in
947 1820 1060 1854 silvis.
1087 1822 1145 1855 Ad
1158 1822 1268 1865 Unin,
1283 1821 1434 1866 Egbell,
1449 1821 1633 1854 Adamow
1659 1820 1875 1863 (Kriisch

217 1875 272 1909 Fl.
299 1877 374 1919 94),
401 1876 607 1910 Udvarnok
634 1878 753 1919 (Hol.
778 1878 881 1912 Bem.
909 1880 989 1922 78),
1017 1878 1251 1924 Temetveny
1290 1880 1429 1922 (Kell.
1455 1879 1575 1913 Beitr.
1602 1881 1709 1924 284),
1750 1878 1874 1914 Kalaz

218 1938 258 1968 et
283 1933 539 1981 Vag-Ujhely
568 1937 631 1979 (K.
659 1938 701 1970 B.
729 1937 774 1970 ΙΙ.
803 1938 877 1980 49).

356 1993 400 2035 Q.
434 1995 557 2029 Uerris
583 1996 626 2029 L.
655 1995 699 2030 In
725 1995 829 2030 silvis
856 1997 1044 2030 montanis
1070 1998 1171 2031 haud
1198 2008 1298 2032 rara.

351 2053 479 2100 Fagffus
505 2055 682 2090 silvatica
708 2056 750 2089 L.
778 2056 1032 2101 Frequentior
1048 2068 1179 2091 versus
1207 2056 1505 2101 septentrionem
1524 2068 1634 2102 quam
1656 2056 1692 2091 in
1714 2058 1873 2092 australi

215 2116 330 2157 parte
356 2113 421 2147 ubi
448 2125 639 2159 nunquam
666 2114 702 2147 in
730 2115 931 2160 planitiem
960 2117 1187 2151 descendere
1214 2116 1302 2150 vidi.

355 2172 542 2208 Castanea
566 2176 690 2209 sativa
715 2174 830 2210 Mill.
859 2175 956 2209 Raro
984 2176 1131 2211 colitur.

819 2270 1061 2306 mmaeeae
1088 2271 1267 2305 Mirbel.

359 2347 484 2383 Ulmus
509 2352 723 2395 campestris
748 2351 790 2384 L.
817 2352 858 2385 In
886 2352 1049 2396 pascuis,
1085 2352 1199 2395 silvis,
1236 2351 1351 2386 vineis
1385 2355 1424 2385 et
1450 2352 1496 2386 ad
1530 2362 1650 2397 pagos
1682 2352 1870 2396 frequens.

487 2420 517 2450 γ.
546 2411 719 2443 saberosa
744 2410 888 2444 Neilr.
918 2411 1108 2444 Similibus
1135 2412 1224 2445 locis
1251 2412 1317 2445 sed
1343 2411 1477 2445 rarior.

358 2464 398 2500 U.
436 2468 551 2512 effusa
595 2469 656 2502 W.
705 2470 761 2501 Ad
804 2468 933 2502 Sassin
976 2480 1092 2513 prope
1135 2481 1268 2504 sacrae
1312 2469 1630 2515 peregrinationis
1676 2468 1872 2502 eeclesiam

216 2525 432 2569 (Kriisoh
466 2527 521 2561 Fl.
560 2527 637 2569 93),
681 2528 720 2562 O.
756 2527 999 2573 Kijrbskeny,
1040 2529 1082 2562 L.
1117 2529 1306 2575 Gyarmat
1341 2532 1381 2563 et
1419 2526 1672 2575 Vag-Ujhely
1713 2527 1872 2570 (Kell.

215 2585 337 2620 Beitr.
364 2585 412 2620 ΙΙ,
439 2585 513 2626 49).

872 2659 1055 2698 floreae
1082 2662 1113 2696 E
1124 2673 1147 2695 n
1159 2662 1213 2696 dl.

350 2729 480 2765 illm-us
505 2732 595 2766 alba
621 2731 663 2765 L.
691 2731 833 2766 Colitur
859 2731 897 2765 in
923 2732 1042 2766 hortis
1069 2744 1112 2767 ac
1138 2734 1185 2767 ad
1213 2733 1303 2767 vias.

351 2788 403 2824 M.
430 2791 542 2835 niqra
569 2791 609 2824 L.
638 2791 781 2824 Colitur
809 2791 844 2825 in
873 2791 1001 2826 vineis.
